<record><leader>00000cas a22000007a 4500</leader><controlfield tag="001">26283373</controlfield><controlfield tag="008">920729d19521963ctuwr ne      0    0eng d</controlfield><datafield ind1=" " ind2=" " tag="010"><subfield code="a">sn 92051322 </subfield></datafield><datafield ind1=" " ind2=" " tag="040"><subfield code="a">CNW</subfield><subfield code="b">eng</subfield><subfield code="c">CNW</subfield><subfield code="d">OCLCQ</subfield></datafield><datafield ind1=" " ind2=" " tag="042"><subfield code="a">msc</subfield></datafield><datafield ind1="0" ind2="0" tag="245"><subfield code="a">Groton life.</subfield></datafield><datafield ind1="3" ind2="0" tag="246"><subfield code="a">Groton life and townwide shopping news</subfield></datafield><datafield ind1="3" ind2="0" tag="246"><subfield code="a">Groton life and shopping news</subfield></datafield><datafield ind1="1" ind2="7" tag="246"><subfield code="a">Weekly life</subfield><subfield code="f">Jan. 1958-1963</subfield></datafield><datafield ind1=" " ind2=" " tag="260"><subfield code="a">Groton, Conn. :</subfield><subfield code="b">Geo. E. MacDougall</subfield></datafield><datafield ind1=" " ind2=" " tag="300"><subfield code="a">v.</subfield></datafield><datafield ind1=" " ind2=" " tag="310"><subfield code="a">Weekly</subfield></datafield><datafield ind1="0" ind2=" " tag="362"><subfield code="a">Vol. 1, no. 1 (Aug. 14, 1952)-v. 7, no. 13 (Mar. 27, 1958) ; 7th year, no. 14 (Apr. 3, 1958)-11th year, no. 2 (Jan. 10, 1963).</subfield></datafield><datafield ind1=" " ind2=" " tag="500"><subfield code="a">Published as: Groton life and townwide shopping news, July 14, 1955, and: Groton life and shopping news, Aug.-Nov. 17, 1955, scattered issues.</subfield></datafield><datafield ind1=" " ind2=" " tag="500"><subfield code="a">Published in New London, Conn., 1953-1960; Groton, Conn, 1961-1963.</subfield></datafield><datafield ind1=" " ind2="4" tag="651"><subfield code="a">Groton (Conn.)</subfield><subfield code="v">Newspapers.</subfield></datafield><datafield ind1=" " ind2="4" tag="651"><subfield code="a">New London (Conn.)</subfield><subfield code="v">Newspapers.</subfield></datafield><datafield ind1=" " ind2="4" tag="651"><subfield code="a">Waterford (Conn.)</subfield><subfield code="v">Newspapers.</subfield></datafield><datafield ind1=" " ind2=" " tag="752"><subfield code="a">United States</subfield><subfield code="b">Connecticut</subfield><subfield code="c">New London</subfield><subfield code="d">Groton.</subfield></datafield><datafield ind1="0" ind2=" " tag="775"><subfield code="t">New London life</subfield><subfield code="w">(DLC)sn 92051323</subfield></datafield><datafield ind1="1" ind2=" " tag="029"><subfield code="a">AU@</subfield><subfield code="b">000020740586</subfield></datafield></record>